
@Misc{ReLU,
    title = {Deep Sparse Rectifier Neural Networks},
    author = {Xavier. Glorot and Antoine. Bordes},
    howpublished = {\url{http://proceedings.mlr.press/v15/glorot11a/glorot11a.pdf}},
    year = 2011
}

@Misc{Mish,
    title = {Deep Sparse Rectifier Neural Networks},
    author = {Diganta. Misra},
    howpublished = {\url{https://arxiv.org/pdf/1908.08681.pdf}},
    year = 2019
}





@Misc{study_af,
    title = {THE STUDY OF ACTIVATION FUNCTIONS IN DEEP LEARNING FOR PEDESTRIAN DETECTION AND TRACKING},
    howpublished = {\url{https://www.researchgate.net/publication/332975597_THE_STUDY_OF_ACTIVATION_FUNCTIONS_IN_DEEP_LEARNING_FOR_PEDESTRIAN_DETECTION_AND_TRACKING}},
    author = {M. N. Favorskaya and V. V. Andreev},
    year = 2019
}




@Misc{trend_af,
    title = {Activation Functions: Comparison of Trends in Practice and Research for Deep Learning},
    howpublished = {\url{https://arxiv.org/pdf/1811.03378.pdf}},
    author = {Chigozie Enyinna Nwankpa and Winifred Ijomah and Anthony Gachagan and Stephen Marshall},
    year = 2018
}




@Misc{evo_af,
    title = {Evolutionary Optimization of Deep Learning Activation Functions},
    howpublished = {\url{https://arxiv.org/pdf/2002.07224.pdf}},
    author = {Garrett Bingham and William Macke and Risto Miikkulainen},
    year = 2020
}




@Misc{parametric_af,
    title = {Discovering Parametric Activation Functions},
    howpublished = {\url{https://arxiv.org/pdf/2006.03179.pdf}},
    author = {Garrett Bingham and Risto Miikkulainen},
    year = 2020
}




@Misc{isotron,
    title = {The Isotron Algorithm: High-Dimensional Isotonic Regression},
    howpublished = {\url{http://citeseerx.ist.psu.edu/viewdoc/download?doi=10.1.1.414.453&rep=rep1&type=pdf}},
    author = {Adam Tauman Kalai and Ravi Sastry},
    year = 2008
}




@Misc{efficient_sim,
    title = {Efficient Learning of Generalized Linear and Single Index Models with Isotonic Regression},
    howpublished = {\url{https://arxiv.org/pdf/1104.2018.pdf}},
    author = {Sham Kakade and Adam Tauman Kalai and Varun Kanade and Ohad Shamir},
    year = 2011
}




@Misc{lsim,
    title = {Learning Single Index Models in High Dimensions},
    howpublished = {\url{https://arxiv.org/pdf/1506.08910.pdf}},
    author = {Ravi Ganti and Nikhil Rao and Rebecca M. Willett and Robert Nowak},
    year = 2015
}




@Misc{sim,
    title = {Nonlinear generalization of the monotone single index model},
    howpublished = {\url{https://arxiv.org/pdf/1902.09024.pdf}},
    author = {Zeljko Kereta and Timo Klock and Valeriya Naumova},
    year = 2019
}



@Misc{ichimura,
    title = {OPTIMAL SMOOTHING IN SINGLE INDEX MODEL},
    howpublished = {\url{https://projecteuclid.org/download/pdf_1/euclid.aos/1176349020}},
    author = {Hidehiko Ichimura and Wolfgang Hardle and Peter Hall},
    year = 1993
}



@Misc{Evolving,
    title = {Evolving Normalization-Activation Layers},
    howpublished = {\url{https://arxiv.org/pdf/2004.02967.pdf}},
    author = {Hanxiao Liu and Andrew Brock and Karen Simonyan and Quoc V. Le},
    year = 2020
}



@Misc{swish,
    title = {SEARCHING FOR ACTIVATION FUNCTIONS},
    howpublished = {\url{https://arxiv.org/pdf/1710.05941.pdf}},
    author = {Prajit Ramachandran and Barret Zoph and Quoc V. Le},
    year = 2017
}



@Misc{resnte,
    title = {Delving Deep into Rectifiers: Surpassing Human-Level Performance on ImageNet Classification},
    howpublished = {\url{https://arxiv.org/abs/1502.01852}},
    author = {He Kaiming and Zhang Xiangyu and Ren Shaoqing and Sun Jian},
    year = 2019
}



